@article{holten2006hierarchical,
	title        = {Hierarchical edge bundles: Visualization of adjacency relations in hierarchical data},
	author       = {Holten, Danny},
	year         = 2006,
	journal      = {IEEE Transactions on visualization and computer graphics},
	publisher    = {IEEE},
	volume       = 12,
	number       = 5,
	pages        = {741--748}
}
@book{munzner2014visualization,
	title        = {Visualization analysis and design},
	author       = {Munzner, Tamara},
	year         = 2014,
	publisher    = {CRC press}
}
@article{parmesan2007pheno,
	title        = {Influences of species, latitudes and methodologies on estimates of phenological response to global warming},
	author       = {Parmesan, Camille},
	year         = 2007,
	journal      = {Global Change Biology},
	volume       = 13,
	number       = 9,
	pages        = {1860--1872},
	doi          = {https://doi.org/10.1111/j.1365-2486.2007.01404.x},
	url          = {https://onlinelibrary.wiley.com/doi/abs/10.1111/j.1365-2486.2007.01404.x},
	keywords     = {animal, climate change, global warming, insect–plant interactions, latitude, meta-analysis, phenology, plant, temperature, trophic interactions},
	eprint       = {https://onlinelibrary.wiley.com/doi/pdf/10.1111/j.1365-2486.2007.01404.x}
}
@inbook{gaughan2009domestic,
	title        = {Response of Domestic Animals to Climate Challenges},
	author       = {Gaughan, J. and Lacetera, Nicola and Valtorta, Silvia and Khalifa, Hesham and Hahn, LeRoy and Mader, Terry},
	year         = 2009,
	month        = {01},
	journal      = {Biometeorology for Adaptation to Climate Variability and Change},
	pages        = {131--170},
	doi          = {10.1007/978-1-4020-8921-3_7},
	isbn         = {978-1-4020-8920-6}
}
@article{miller2008bird,
	title        = {Bird migration times, climate change, and changing population sizes},
	author       = {Miller-Rushing, Abraham J and LLoyd-Evans, Trevor L and Primack, Richard B and Satzinger, Paul},
	year         = 2008,
	journal      = {Global Change Biology},
	publisher    = {Wiley Online Library},
	volume       = 14,
	number       = 9,
	pages        = {1959--1972}
}
@article{visser2008climate,
	title        = {Climate change leads to decreasing bird migration distances},
	author       = {Visser, Marcel E. and Perdeck, Albert C. and Van Balen, Johan H. and Both, Christiaan},
	year         = 2009,
	journal      = {Global Change Biology},
	volume       = 15,
	number       = 8,
	pages        = {1859--1865},
	doi          = {https://doi.org/10.1111/j.1365-2486.2009.01865.x},
	url          = {https://onlinelibrary.wiley.com/doi/abs/10.1111/j.1365-2486.2009.01865.x},
	keywords     = {bird migration, bird ringing, climate change},
	eprint       = {https://onlinelibrary.wiley.com/doi/pdf/10.1111/j.1365-2486.2009.01865.x}
}
@article{jenni2003timing,
	title        = {Timing of autumn bird migration under climate change: advances in long-distance migrants, delays in short-distance migrants},
	author       = {Jenni, Lukas  and Kéry, Marc},
	year         = 2003,
	journal      = {Proceedings of the Royal Society of London. Series B: Biological Sciences},
	volume       = 270,
	number       = 1523,
	pages        = {1467--1471},
	doi          = {10.1098/rspb.2003.2394},
	url          = {https://royalsocietypublishing.org/doi/abs/10.1098/rspb.2003.2394},
	eprint       = {https://royalsocietypublishing.org/doi/pdf/10.1098/rspb.2003.2394}
}
@article{lee2015predictors,
	title        = {Predictors of public climate change awareness and risk perception around the world},
	author       = {Lee, Tien Ming and Markowitz, Ezra M and Howe, Peter D and Ko, Chia-Ying and Leiserowitz, Anthony A},
	year         = 2015,
	journal      = {Nature climate change},
	publisher    = {Nature Publishing Group},
	volume       = 5,
	number       = 11,
	pages        = {1014--1020}
}
@article{brulle2012shifting,
	title        = {Shifting public opinion on climate change: an empirical assessment of factors influencing concern over climate change in the US, 2002--2010},
	author       = {Brulle, Robert J and Carmichael, Jason and Jenkins, J Craig},
	year         = 2012,
	journal      = {Climatic change},
	publisher    = {Springer},
	volume       = 114,
	number       = 2,
	pages        = {169--188}
}
@article{moser2011communicating,
	title        = {Communicating climate change: closing the science-action gap},
	author       = {Moser, Susanne C and Dilling, Lisa},
	year         = 2011,
	journal      = {The Oxford handbook of climate change and society},
	publisher    = {Oxford University Press Oxford},
	pages        = {161--174}
}
@inbook{solomon2007climate,
	title        = {Climate Change 2007: The Physical Science Basis. Working Group I Contribution to the Fourth Assessment Report of the IPCC},
	author       = {Solomon, S and Qin, Dawei and Manning, Martin and Chen, ZeNa and Marquis, Melinda and Avery, K and Tignor, M and Miller, H.},
	year         = 2007,
	month        = {01},
	volume       = 1,
	pages        = {1--100}
}
@inbook{parry2007climate,
	title        = {Climate Change 2007: Impacts, Adaptation and Vulnerability},
	author       = {Parry, ML and Canziani, O and Palutikof, JP and van der Linden, Paul and Hanson, CE},
	year         = 2007,
	month        = {01},
	journal      = {Contribution of Working Group II to the Fourth Assessment Report of the Intergovernmental Panel on Climate Change},
	pages        = {}
}
@article{cotton2003avian,
	title        = {Avian migration phenology and global climate change},
	author       = {Cotton, Peter A},
	year         = 2003,
	journal      = {Proceedings of the National Academy of Sciences},
	publisher    = {National Acad Sciences},
	volume       = 100,
	number       = 21,
	pages        = {12219--12222}
}
@article{huppop2003north,
	title        = {North Atlantic Oscillation and timing of spring migration in birds},
	author       = {H{\"u}ppop, Ommo and H{\"u}ppop, Kathrin},
	year         = 2003,
	journal      = {Proceedings of the Royal Society of London. Series B: Biological Sciences},
	publisher    = {The Royal Society},
	volume       = 270,
	number       = 1512,
	pages        = {233--240}
}
@article{marra2005influence,
	title        = {The influence of climate on the timing and rate of spring bird migration},
	author       = {Marra, Peter P and Francis, Charles M and Mulvihill, Robert S and Moore, Frank R},
	year         = 2005,
	journal      = {Oecologia},
	publisher    = {Springer},
	volume       = 142,
	number       = 2,
	pages        = {307--315}
}
@techreport{iso2014geo,
	title        = {Geographic information — {R}eference model — {P}art 1: {F}undamentals},
	author       = {ISO},
	year         = 2014,
	address      = {Geneva, Switzerland},
	number       = {19101-1:2014},
	institution  = {International Organization for Standardization},
	type         = {ISO}
}
@dataset{ebird2020data,
	title        = {{eBird Basic Dataset}},
	author       = {{Cornell Lab of Ornithology}},
	year         = 2020,
	note         = {Version: EBD\_relNov-2020}
}
@article{sullivan2014ebird,
	title        = {The eBird enterprise: an integrated approach to development and application of citizen science},
	author       = {Sullivan, Brian L and Aycrigg, Jocelyn L and Barry, Jessie H and Bonney, Rick E and Bruns, Nicholas and Cooper, Caren B and Damoulas, Theo and Dhondt, Andr{\'e} A and Dietterich, Tom and Farnsworth, Andrew and others},
	year         = 2014,
	journal      = {Biological Conservation},
	publisher    = {Elsevier},
	volume       = 169,
	pages        = {31--40}
}
@book{strimas2020ebird,
	title        = {Best Practices for Using eBird Data. Version 1.0},
	author       = {Strimas-Mackey, Matthew and Hochachka, Wesley M. and Ruiz-Gutierrez, Viviana and Robinson, Orin J. and Miller, Eliot T. and Auer, Tom and Kelling, Steve and Fink, Daniel and Johnston, Alison},
	year         = 2020,
	month        = jan,
	doi          = {10.5281/zenodo.3620739},
	url          = {https://cornelllabofornithology.github.io/ebird-best-practices/},
	note         = {\url{https://cornelllabofornithology.github.io/ebird-best-practices/}}
}
@article{root2003fingerprints,
	title        = {Fingerprints of global warming on wild animals and plants},
	author       = {Root, Terry L and Price, Jeff T and Hall, Kimberly R and Schneider, Stephen H and Rosenzweig, Cynthia and Pounds, J Alan},
	year         = 2003,
	journal      = {Nature},
	publisher    = {Nature Publishing Group},
	volume       = 421,
	number       = 6918,
	pages        = {57--60}
}
@misc{ebird2019taxonomy,
	title        = {The {eBird/Clements} Checklist of Birds of the World: v2019},
	author       = {J. F. Clements and T. S. Schulenberg and M. J. Iliff and S. M. Billerman and T. A. Fredericks and B. L. Sullivan and C. L. Wood},
	year         = 2019,
	url          = {https://www.birds.cornell.edu/clementschecklist/},
	note         = {Downloaded from \url{https://www.birds.cornell.edu/clementschecklist/download/}}
}
@book{turner1989swallow,
	title        = {Swallows \& martins: an identification guide and handbook},
	author       = {Turner, Angela K. and Rose, Chris},
	year         = 1989,
	publisher    = {Houghton Mifflin},
	pages        = {164--169},
	isbn         = {978-0-395-51174-9},
	place        = {Boston}
}
@dataset{gistemp,
	title        = {{GISTEMP}},
	author       = {{NASA}},
	year         = 2020,
	url          = {https://data.giss.nasa.gov/gistemp/},
	note         = {Version: 4}
}
@misc{gistempanomalies,
	title        = {What are temperature anomalies (and why prefer them to absolute temperatures)?},
	author			 = {NASA},
	year         = 2020,
	url          = {https://data.giss.nasa.gov/gistemp/faq/#q101}
}
@misc{svetle,
	title        = {Svetle Framework},
	year         = 2021,
	url          = {https://svelte.dev/}
}
@misc{leaflet,
	title        = {Leaflet},
	year         = 2021,
	url          = {https://leafletjs.com/}
}
@misc{d3js,
	title        = {D3.js},
	year         = 2021,
	url          = {https://d3js.org/}
}
