@misc{2imv20_2,
  title     = {Encoding: spatial data},
  url       = {https://canvas.tue.nl/courses/15051/files/2702578},
  journal   = {2IMV20},
  author    = {Van de Wetering, H.M.M.},
  year      = {2020},
  pages     = {7},
  publisher = {Eindhoven University of Technology}
}
@article{levoy_1988,
  title   = {Display of surfaces from volume data},
  volume  = {8},
  doi     = {10.1109/38.511},
  number  = {3},
  journal = {IEEE Computer Graphics and Applications},
  author  = {Levoy, M.},
  year    = {1988},
  pages   = {29â€“37}
}
